article li2002rns title rapid natural scene categorization in the near absence of attention author li ff and vanrullen r and koch c and perona p journal proceedings of the national academy of sciences volume 99 number 14 pages 9596 year 2002 publisher national acad sciences
