inproceedings imagenet_cvpr09 author deng j and dong w and socher r and li l j and li k and fei fei l title imagenet a large scale hierarchical image database booktitle cvpr09 year 2009 bibsource http www image net org papers imagenet_cvpr09 bib
