inproceedings zhaofeifeixingcvpr2011 author bin zhao and li fei fei and eric p xing title online detection of unusual events in videos via dynamic sparse coding booktitle the twenty fourth ieee conference on computer vision and pattern recognition year 2011 month june address colorado springs co
