article calhoun10 author sasha calhoun and jean carletta and jason m brenier and neil mayo and dan jurafsky and mark steedman and david beaver year 2010 title the nxt format switchboard corpus a rich resource for investigating the syntax semantics pragmatics and prosody of dialogue journal language resources & evaluation volume 44 pages 387 419 url pubs calhoun pdf
