inproceedings spitkovsky2011tackbp address gaithersburg maryland usa author spitkovsky valentin i and chang angel x booktitle proceedings of the fourth text analysis conference tac 2011 month november title strong baselines for cross lingual entity linking url pubs kbp2011 crosslinking pdf year 2011
