inproceedings spitkovsky2011goldtags author spitkovsky valentin i and alshawi hiyan and chang angel x and jurafsky daniel booktitle proceedings of the 2011 conference on empirical methods in natural language processing emnlp 2011 title unsupervised dependency parsing without gold part of speech tags url pubs goldtags pdf year 2011
