inproceedings chang2011tackbp address gaithersburg maryland usa author chang angel x and spitkovsky valentin i and agirre eneko and manning christopher d booktitle proceedings of the fourth text analysis conference tac 2011 month november title stanford ubc entity linking at tac kbp again url pubs kbp2011 entitylinking pdf year 2011
