inproceedings spitkovsky2011lateenem author spitkovsky valentin i and alshawi hiyan and jurafsky daniel booktitle proceedings of the 2011 conference on empirical methods in natural language processing emnlp 2011 title lateen em unsupervised training with multiple objectives applied to dependency grammar induction url pubs lateenem pdf year 2011
