inproceedings surdeanu2011tackbp address gaithersburg maryland usa author surdeanu mihai and gupta sonal and bauer john and mcclosky david and chang angel x and spitkovsky valentin i and manning christopher d booktitle proceedings of the fourth text analysis conference tac 2011 month november title stanford's distantly supervised slot filling system url pubs kbp2011 slotfilling pdf year 2011
