inproceedings relms11 author mihai surdeanu and david mcclosky and mason r smith and andrey gusev and christopher d manning title customizing an information extraction system to a new domain booktitle proceedings of the workshop on relational models of semantics year 2011
