inproceedings bionlp11a author david mcclosky and mihai surdeanu and christopher d manning title event extraction as dependency parsing for bionlp 2011 booktitle proceedings of the bionlp workshop year 2011
