inproceedings bionlp11b author sebastian riedel and david mcclosky and mihai surdeanu and andrew mccallum and christopher d manning title model combination for event extraction in bionlp 2011 booktitle proceedings of the bionlp workshop year 2011
