incollection socheretal2011 poolrae title dynamic pooling and unfolding recursive autoencoders for paraphrase detection author richard socher and eric h huang and jeffrey pennington and andrew y ng and christopher d manning booktitle advances in neural information processing systems 24 year 2011
