inproceedings socheretal2011 rae author richard socher and jeffrey pennington and eric h huang and andrew y ng and christopher d manning title semi supervised recursive autoencoders for predicting sentiment distributions booktitle proceedings of the 2011 conference on empirical methods in natural language processing emnlp year 2011
