inproceedings teichman2011b author alex teichman and sebastian thrun title tracking based semi supervised learning booktitle robotics science and systems year 2011 address los angeles ca usa
