inproceedings jacobs_uist2010 author david e jacobs and dan b goldman and eli shechtman title cosaliency where people look when comparing images booktitle proc uist year 2010
